% This file was created with JabRef 2.6.
% Encoding: Cp1252

@ARTICLE{alfaro2007,
  author = {Alfaro, V. M.},
  title = {{PID} controllers' fragility},
  journal = {Automatica},
  year = {2007},
  volume = {46},
  pages = {555-559},
  owner = {victor},
  timestamp = {2008.05.05}
}

@ARTICLE{alfaro2006b,
  author = {Alfaro, V. M.},
  title = {Identiifcación de modelos de orden reducido a partir de la curva
	de reacción del proceso},
  journal = {Ciencia y Tecnología},
  year = {2006},
  volume = {24(2)},
  pages = {197-216},
  owner = {Victor Alfaro},
  timestamp = {2008.10.27}
}

@BOOK{ayh2006,
  title = {Advanced {PID} Control},
  publisher = {ISA - The Instrumentation, Systemas, and Automation Society, Research
	Triangle Park, NC, USA.},
  year = {2006},
  author = {Aström, K. J. and T. Hägglund},
  owner = {victor},
  timestamp = {2008.05.03}
}

@INPROCEEDINGS{ayh2000,
  author = {Aström, K. J. and Hägglund, T.},
  title = {Bernchmark Systems for PID Control},
  booktitle = {IFAC Digital Control: Pasrt, Present and Future of PID Control},
  year = {2000},
  note = {{T}errasa, {E}spaña},
  owner = {Victor Alfaro},
  timestamp = {2008.11.12}
}

@BOOK{datta2000,
  title = {Structure and synthesis of {PID} controllers},
  publisher = {Springer-Verlag},
  year = {2000},
  author = {A. Datta and M-T Ho and S. P. Bhattacharyya},
  owner = {victor},
  timestamp = {2008.05.01}
}

@comment{jabref-meta: selector_publisher:}

@comment{jabref-meta: selector_author:}

@comment{jabref-meta: selector_journal:}

@comment{jabref-meta: selector_keywords:}

